<record><leader>00900cam a2200277 a 4500</leader><controlfield tag="001">6815798</controlfield><controlfield tag="003">OCoLC</controlfield><controlfield tag="005">20150218032018.0</controlfield><controlfield tag="008">150108s2015    fr     g      000 1 fre d</controlfield><datafield ind1=" " ind2=" " tag="020"><subfield code="a">9782848051734</subfield><subfield code="q">(pbk.)</subfield></datafield><datafield ind1=" " ind2=" " tag="020"><subfield code="a">2848051736</subfield><subfield code="q">(pbk.)</subfield></datafield><datafield ind1=" " ind2=" " tag="035"><subfield code="a">ocn900410829</subfield></datafield><datafield ind1=" " ind2=" " tag="039"><subfield code="a">(OCoLC)900410829</subfield><subfield code="f">OCLC</subfield></datafield><datafield ind1=" " ind2=" " tag="040"><subfield code="a">AUXAM</subfield><subfield code="b">eng</subfield><subfield code="c">AUXAM</subfield><subfield code="d">OCLCQ</subfield><subfield code="d">LTSCA</subfield><subfield code="d">AEU</subfield></datafield><datafield ind1=" " ind2="4" tag="050"><subfield code="a">PQ2718.E24</subfield><subfield code="b">.A666 2015</subfield></datafield><datafield ind1=" " ind2=" " tag="090"><subfield code="a">PQ 2718 E24 A666 2015</subfield><subfield code="b">AEU</subfield></datafield><datafield ind1="1" ind2=" " tag="100"><subfield code="a">R&#233;condo, L&#233;onor de.</subfield></datafield><datafield ind1="1" ind2="0" tag="245"><subfield code="a">Amours :</subfield><subfield code="b">roman /</subfield><subfield code="c">L&#233;onor de R&#233;condo.</subfield></datafield><datafield ind1=" " ind2=" " tag="260"><subfield code="a">Paris :</subfield><subfield code="b">S. Wespieser,</subfield><subfield code="c">2015.</subfield></datafield><datafield ind1=" " ind2=" " tag="300"><subfield code="a">276 p. ;</subfield><subfield code="c">19 cm.</subfield></datafield><datafield ind1=" " ind2=" " tag="336"><subfield code="a">text</subfield><subfield code="b">txt</subfield><subfield code="2">rdacontent</subfield></datafield><datafield ind1=" " ind2=" " tag="337"><subfield code="a">unmediated</subfield><subfield code="b">n</subfield><subfield code="2">rdamedia</subfield></datafield><datafield ind1=" " ind2=" " tag="338"><subfield code="a">volume</subfield><subfield code="b">nc</subfield><subfield code="2">rdacarrier</subfield></datafield><datafield ind1=" " ind2=" " tag="596"><subfield code="a">43</subfield></datafield><datafield ind1=" " ind2=" " tag="949"><subfield code="a">PQ 2718 E24 A666 2015</subfield><subfield code="h">UAHS-B</subfield><subfield code="i">0162034211282</subfield></datafield><datafield ind1=" " ind2=" " tag="926"><subfield code="a">PQ 2718 E24 A666 2015</subfield><subfield code="w">LC</subfield><subfield code="c">1</subfield><subfield code="i">0162034211282</subfield><subfield code="l">ON_SHELF</subfield><subfield code="m">UAHSS</subfield><subfield code="p">$150.00</subfield><subfield code="r">Y</subfield><subfield code="s">Y</subfield><subfield code="t">BOOK</subfield><subfield code="u">3/5/2015</subfield></datafield></record>